
@misc{assignment,
  author = "Marco Roveri",
  title = "Assignment for the course Automated Planning Theory and Practice Academic Year 2021-2022",
  month = 12,
  year = 2021
}

@INPROCEEDINGS{PlanSys2,
  author    = "Francisco Mart{\'{\i}}n and Jonatan Gin{\'{e}}s and Francisco J. Rodr{\'{i}}guez and Vicente Matell{\'{a}}n",
  title     = "PlanSys2: A Planning System Framework for ROS2",
  booktitle = "{{IEEE/RSJ} International Conference on Intelligent Robots and Systems,  {IROS} 2021, Prague, Czech Republic, September 27 - October 1, 2021}",
  year      = "2021",
  publisher = "{IEEE}"
}

@misc{hddl,
      title={HDDL - A Language to Describe Hierarchical Planning Problems}, 
      author={D. Holler and G. Behnke and P. Bercher and S. Biundo and H. Fiorino and D. Pellier and R. Alford},
      year={2019},
      eprint={1911.05499},
      archivePrefix={arXiv},
      primaryClass={cs.AI}
}